@book{LeadershipNon2008,
  AUTHOR    = {Ruth Simsa, Michael Patak},
  YEAR      = {2008},
  TITLE     = {Leadership in Non-Profit-Organisationen. Die Kunst der F"uh­rung ohne Profitdenken},
  ISBN      = {978-3-71430-1304},
  PUBLISHER = {Linde Verlag Ges.m.b.H.},
  ADDRESS   = {Wien},
  EDITION   = {1},
  PAGES     = {41, 42, 43, 44, 45, 45f, 46, 47}
}

@book{LeitungvKi2014,
  AUTHOR    = {Petra Strehmel, Daniela Ulber},
  YEAR      = {2014},
  TITLE     = {Leitung von Kindertageseinrichtungen},
  ISBN      = {978-3-86379-132-4},
  PUBLISHER = {Deutsches Jugendinstitut e. V. (DJI)},
  ADDRESS   = {M"unchen},
  EDITION   = {1},
  PAGES     = {8, 9,11f, 12, 13,14, 19, 21, 45, 46}
}

@book{Laender2013,
  AUTHOR    = {Kathrin Bock-Famulla, Jens Lange},
  YEAR      = {2013},
  TITLE     = {L"anderreport Fr"uhkindliche Bildungssysteme 2013},
  ISBN      = {978-3-86793-533-3},
  PUBLISHER = {Bertelsmann Stiftung},
  ADDRESS   = {G"utersloh},
  EDITION   = {1},
  PAGES     = {5, 33, 34, 35, 36}
}

@inbook{EmpirB2014,
  AUTHOR    = {Karin Beher, Jens Lange},
  YEAR      = {2014},
  TITLE     = {Empirische Befunde zu den Leitungst"atigen},
  BOOKTITLE = {Leitung von Kindertageseinrichtungen. Grundlagen f"ur diekom­petenzorientierte Weiterbildung},
  ISBN      = {978­-3­-86379-­130­-8},
  PUBLISHER = {WiFF Wegweiser Weiterbildung},
  ADDRESS   = {M"unchen},
  EDITION   = {10},
  PAGES     = {95ff, 101ff,130}
}

@inbook{Ausblick2014,
  AUTHOR    = {Regine Schelle},
  YEAR      = {2014},
  TITLE     = {Ausblick:Professionelles Leiten durch Weiterbildung},
  BOOKTITLE = {Leitung von Kindertageseinrichtungen. Grundlagen f"ur die kom­petenzorientierte Weiterbildung},
  ISBN      = {978­-3­-86379-­130­-8},
  PUBLISHER = {WiFF Wegweiser Weiterbildung},
  ADDRESS   = {M"unchen},
  EDITION   = {10},
  PAGES     = {267,268,269}
}

@article{Lupe2014,
  AUTHOR    = {Karin Beher, Jens Lange},
  TITLE     = {Kita-Leitun unter der Lupe},
  JOURNAL   = {TPS Leben,Lernen und Arbeiten in der Kita},
  YEAR      = {2014},
  PAGES     = {14, 14f, 15}
}

@misc{Finanz2015,
  AUTHOR    = {Ministerium f"ur Bildung, Jugend und Sport Brandenburg},
  TITLE     = {L"ander"ubersicht Kita: FINANZIERUNGSREGELUNGEN},
  URL       = {http://www.mbjs.brandenburg.de/sixcms/media.php/5527/Finanzierungsregelungen.pdf},
  NOTE      = {gesehen am: 17.2.2015 10:45}
}

@inbook{Mitarbf"uh2011,
  AUTHOR    = {Viva Fialka},
  YEAR      = {2011},
  TITLE     = {Die Phasen der Mitarbeiterf"uhrung},
  BOOKTITLE = {basiswissen kita management: Wie Sie die passenden Mitarbeiterinnen finden, motivieren und f"ordern - Personalf"uhrung und -entwicklung},
  ISBN      = {978-3-451-00246-5},
  PUBLISHER = {Verlag Herder},
  ADDRESS   = {Breisgau},
  EDITION   = {246},
  PAGES     = {19,21ff,37}
}


@article{Gutschein2009,
  AUTHOR    = {Detlef Diskowski},
  TITLE     = {Der Betreuungs- und Finanzierungs-Gutschein: Bemerkungen zur Finanzierung der Kindertagesbetreuung},
  JOURNAL   = {TPS Leben,Lernen und Arbeiten in der Kita},
  YEAR      = {2009},
  PAGES     = {43}
}

@book{AusbildEri2012,
  AUTHOR    = {Jan Leygraf},
  YEAR      = {2012},
  TITLE     = {Struktur und Organisation der Ausbildung von Erzieherinnen und Erziehern: Eine bundesweite Befragung von Fachschul- und Abteilungsleitungen: Zehn Fragen -- Zehn Antworten},
  ISBN      = {978-3-86379-056-1},
  PUBLISHER = {WiFF Wegweiser Weiterbildung.},
  ADDRESS   = {M"unchen},
  EDITION   = {1},
  PAGES     = {12,19f, 22}
}

@book{AnfEr2011,
  AUTHOR    = {Vera Deppe},
  YEAR      = {2011},
  TITLE     = {Anforderungen an die Ausbildung von Erzieherinnen und Erziehern: Ergebnisse einer qualitativen Befragung von Fachschul- und Abteilungsleitungen},
  ISBN      = {978-3-86379-056-1},
  PUBLISHER = {Deutsches Jugendinstitut e. V. (DJI)},
  ADDRESS   = {M"unchen},
  EDITION   = {1},
  PAGES     = {12ff,41}
}

@book{QualWei2012,
  AUTHOR    = {Karin Beher, Michael Walter},
  YEAR      = {2012},
  TITLE     = {Qualifikationen und Weiterbildung fr"uhp"adagogischer Fachkr"afte: Bundesweite Befragung von Einrichtungsleitungen und Fachkr"aften in Kindertageseinrichtungen: Zehn Fragen -- Zehn Antworten},
  ISBN      = {978-3-86379-051-6},
  PUBLISHER = {Deutsches Jugendinstitut e. V. (DJI)},
  ADDRESS   = {M"unchen},
  EDITION   = {1},
  PAGES     = {34,57,}
}

@misc{Fach2015,
  AUTHOR    = {Barbara Wolter},
  TITLE     = {Berufsbegleitende Weterbildung (BWB)},
  URL       = {http://fsp2.hamburg.de/index.php/article/detail/1034},
  NOTE      = {gesehen am: 18.2.2015 20:44}
}

@misc{Berufsbe2015,
  AUTHOR    = {Rheinland Pfalz: Ministerium f"ur Wissenschaft, Weiterbildung und Kultur},
  TITLE     = {Informatiom zum Schulversuch "Berufsbegleitende Teilzeitausbildung von Erzieherinnen und Erziehern"},
  URL       = {https://kita.bildung-rp.de/fileadmin/dateiablage/Qualifizierung/Downloads/Informationen_zum_Schulversuch_Teilzeitausbildung_30072013.pdf},
  NOTE      = {gesehen am: 18.2.2015 21:09}
}

@misc{SozialH2015,
  AUTHOR    = {Hochschule f"ur Anngewandte Wissenschaften Hamburg},
  TITLE     = {Soziale Arbeit (Bachelor)},
  URL       = {http://www.haw-hamburg.de/studium/bachelor/bachelor-studiengaenge/ws/soziale-arbeit.html},
  NOTE      = {gesehen am: 20.2.2015 21:21}
}


@misc{Erziewis2015,
  AUTHOR    = {Prof. Dr. Iris Beck },
  TITLE     = {BA Erziehungs- und Bildungswissenschaft Fakult"at f"ur Erziehungswissenschaft Universit"at Hamburg },
  URL       = {http://www.ew.uni-hamburg.de/studium/files/ba-eub_ueberblick-inkl-studienschwerpunkte_08_2014.pdf},
  NOTE      = {gesehen am: 20.2.2015 21:30}
}

@misc{Heilp2015,
  AUTHOR    = {Hochschule Hannover - Diakonie, Gesundheit und Soziales},
  TITLE     = {Modulhandbuch des Bachelorstudienganges Heilp"adagogik -- Inklusive Bildung und Begleitung},
  URL       = {http://f5.hs-hannover.de/fileadmin/media/doc/f5/studium/abteilung_heilpaedagogik/Modulhandbuch_Bachelor_HP_Stand_September_2013.pdf},
  NOTE      = {gesehen am: 20.2.2015 21:45}
}

@misc{Kindheitsp2015,
  AUTHOR    = {Hochschule f"ur Anngewandte Wissenschaften Hamburg},
  TITLE     = {Bildung und Erziehung in der Kindheit (Bachelor)},
  URL       = {http://www.haw-hamburg.de/studium/bachelor/bachelor-studiengaenge/ws/bildung-und-erziehung-in-der-kindheit.html},
  NOTE      = {gesehen am: 20.2.2015 22:00}
}

@article{DimLeader2004,
  AUTHOR    = {Eeva Hujala},
  TITLE     = {Dimensions of Leadership in the Childcare Context},
  JOURNAL   = {Scandinavian JOURNAL of Educational Research},
  YEAR      = {2004},
  PAGES     = {65ff,67}
}

@misc{ForschungERS2015,
  AUTHOR    = {Martin R. Textor},
  TITLE     = {Forschungsergebnisse zur Effektivit"at fr"uhkindlicher Bildung: EPPE, REPEY und SPEEL},
  URL       = {http://www.kindergartenpaedagogik.de/1615.html},
  NOTE      = {gesehen am: 21.2.2015 15:30}
}

@book{EPPE2004,
  AUTHOR    = {Kathy Sylva, Edward Melhuish, Pam Sammons, Iram Siraj-Blatchford, Brenda Taggart},
  YEAR      = {2004},
  TITLE     = {The Effective Provision of Pre-School Education (EPPE) Project: Findings from Pre-school to end of Key Stage1},
  ISBN      = {1 84478 516 5},
  PUBLISHER = {DfES Publications},
  ADDRESS   = {Nottingham},
  EDITION   = {1},
  PAGES     = {4}
}


@article{EYP2011,
  AUTHOR    = {Anne Hayes},
  TITLE     = {All about the role of ... Early years Professional},
  JOURNAL   = {NurseryWorld},
  YEAR      = {2011}
}

@book{Long2012,
  AUTHOR    = {Mark Hadfield, Michael Jopling, Martin Needham, Tim Waller, Liz Coleyshaw, Mahmoud Emira, Karl Royle},
  YEAR      = {2012},
  TITLE     = {Longitudinal Study of Early YEARs Professional Status: an exploration of progress, leadership and impact Final report},
  ISBN      = {978-1-78105-147-4},
  PUBLISHER = {University of Wolverhampton},
  ADDRESS   = {Wolverhampton},
  EDITION   = {1},
  PAGES     = {86}
}

@article{How2013,
  AUTHOR    = {Carol Aubrey, Ray Godfrey,Alma Harris},
  TITLE     = {How Do They Manage? An Investigation of Early Childhood Leadership},
  JOURNAL   = {Educational Management Administration \& Leadership},
  YEAR      = {2013}
}

@book{Research2013,
  AUTHOR    = {Eeva Hujala, Manjula Waniganayake, Jillian Rodd},
  YEAR      = {2013},
  TITLE     = {Researching Leadership in Early Childhood Education},
  ISBN      = {978-951-44-9173-3},
  PUBLISHER = {Tempere University Press},
  ADDRESS   = {Tempere},
  EDITION   = {1},
  PAGES     = {86}
}

@book{EffeLead2006,
  AUTHOR    = {Iram Siraj-Blatchford,Laura Manni},
  YEAR      = {2006},
  TITLE     = {Effective Leadership in the Early YEARs Sector (ELEYS) Study},
  PUBLISHER = {Institute of Education, University of London},
  PAGES     = {27}
}

